@MastersThesis{Lima_Thesis,
	author = 	 {Lima, Pedro},
	title = 	 {Automatic Multiscale Meshing for Three-Dimensional Discrete Fracture Networks},
	school = 	 {Universidade Estadual de Campinas},
	year = 	 2021
}

@article{BenchMark2021,
	title = {Verification benchmarks for single-phase flow in three-dimensional fractured porous media},
	journal = {Advances in Water Resources},
	volume = {147},
	pages = {103759},
	year = {2021},
	issn = {0309-1708},
	doi = {10.1016/j.advwatres.2020.103759},
	author = {Inga Berre and Wietse M. Boon and Bernd Flemisch and Alessio Fumagalli and Dennis Gl\"aser and Eirik Keilegavlen and Anna Scotti and Ivar Stefansson and Alexandru Tatomir and Konstantin Brenner and Samuel Burbulla and Philippe Devloo and Omar Duran and Marco Favino and Julian Hennicker and I-Hsien Lee and Konstantin Lipnikov and Roland Masson and Klaus Mosthaf and Maria Giuseppina Chiara Nestola and Chuen-Fa Ni and Kirill Nikitin and Philipp Schädle and Daniil Svyatskiy and Ruslan Yanbarisov and Patrick Zulian},
}

@book{LibroGeologiaMediosFrac,
	author = {B.B.S. Singhal and R.P. Gupta},
	date-added = {2022-03-15 14:57:07 -0300},
	date-modified = {2022-03-15 15:00:30 -0300},
	publisher = {Springer},
	title = {Applied Hydrogeology of Fractured Rocks},
	volume = {2},
	year = {2010},
}

@conference{Sha2019,
	author = {Bhavarth Shah and Dhruv Rajvanshi and P. Sivasankar},
	booktitle = {SPE International Conference on Unconventional Hydrocarbon Resources},
	title = {A Review of Thermal Enhanced Oil Recovery in Naturally Fractured Reservoir},
	year = {2019},
}

@article{DURAN2019,
	title = {A multiscale hybrid method for Darcy's problems using mixed finite element local solvers},
	journal = {Computer Methods in Applied Mechanics and Engineering},
	volume = {354},
	pages = {213-244},
	year = {2019},
	issn = {0045-7825},
	doi = {10.1016/j.cma.2019.05.013},
	author = {Omar Dur\'an and Philippe R.B. Devloo and Sônia M. Gomes and Frédéric Valentin},
}

@article{HEBE2013,
	title = {Assessing the validity of a lower-dimensional representation of fractures for numerical and analytical investigations},
	journal = {Advances in Water Resources},
	volume = {56},
	pages = {35-48},
	year = {2013},
	issn = {0309-1708},
	doi = {10.1016/j.advwatres.2013.03.003},
	author = {Falk Hebe and Vladyslav Prykhodko and Sabine Attinger},
}

@article{AHMED2015,
	title = {Control-volume distributed multi-point flux approximation coupled with a lower-dimensional fracture model},
	journal = {Journal of Computational Physics},
	volume = {284},
	pages = {462-489},
	year = {2015},
	issn = {0021-9991},
	doi = {10.1016/j.jcp.2014.12.047},
	author = {R. Ahmed and M.G. Edwards and S. Lamine and B.A.H. Huisman and M. Pal},
}

@article{AHMED2017,
	title = {CVD-MPFA full pressure support, coupled unstructured discrete fracture-matrix Darcy-flux approximations},
	journal = {Journal of Computational Physics},
	volume = {349},
	pages = {265-299},
	year = {2017},
	issn = {0021-9991},
	doi = {https://doi.org/10.1016/j.jcp.2017.07.041},
	author = {Raheel Ahmed and Michael G. Edwards and Sadok Lamine and Bastiaan A.H. Huisman and Mayur Pal},
}

@article{Elmo2010,
	author = {Elmo, Davide and Stead, Doug},
	doi = {10.1007/s00603-009-0027-3},
	issn = {1434-453X},
	journal = {Rock Mechanics and Rock Engineering},
	number = {1},
	pages = {3--19},
	title = {{An Integrated Numerical Modelling-Discrete Fracture Network Approach Applied to the Characterisation of Rock Mass Strength of Naturally Fractured Pillars}},
	volume = {43},
	year = {2010}
}

@article{Maryska2005,
	author = {Mary{\v{s}}ka, Jiř{\'{i}} and Sever{\'{y}}n, Otto and Vohral{\'{i}}k, Martin},
	doi = {10.1007/s10596-005-0152-3},
	issn = {1573-1499},
	journal = {Computational Geosciences},
	number = {3},
	pages = {217--234},
	title = {{Numerical simulation of fracture flow with a mixed-hybrid FEM stochastic discrete fracture network model}},
	volume = {8},
	year = {2005}
}

@article{LI2021104331,
	title = {Numerical simulation of hydraulic fracturing process in a naturally fractured reservoir based on a discrete fracture network model},
	journal = {Journal of Structural Geology},
	volume = {147},
	pages = {104331},
	year = {2021},
	issn = {0191-8141},
	doi = {10.1016/j.jsg.2021.104331},
	author = {Yanyan Li and Wei Hu and Zhihong Zhang and Zhaobin Zhang and Yanjun Shang and Lili Han and Siyu Wei},
}

@article{Fard2003,
    author = {Karimi-Fard, Mohammad and Firoozabadi, Abbas},
    title = "{Numerical Simulation of Water Injection in Fractured Media Using the Discrete-Fracture Model and the Galerkin Method}",
    journal = {SPE Reservoir Evaluation \& Engineering},
    volume = {6},
    number = {02},
    pages = {117-126},
    year = {2003},    
    issn = {1094-6470},
    doi = {10.2118/83633-PA},
}

@article{RAO2020106852,
	title = {A modified projection-based embedded discrete fracture model (pEDFM) for practical and accurate numerical simulation of fractured reservoir},
	journal = {Journal of Petroleum Science and Engineering},
	volume = {187},
	pages = {106852},
	year = {2020},
	issn = {0920-4105},
	doi = {10.1016/j.petrol.2019.106852},
	author = {Xiang Rao and Linsong Cheng and Renyi Cao and Pin Jia and Hao Liu and Xulin Du},
}

@article{bishop2014displacement,
  title={A displacement-based finite element formulation for general polyhedra using harmonic shape functions},
  author={Bishop, Joseph E},
  journal={International Journal for Numerical Methods in Engineering},
  volume={97},
  number={1},
  pages={1--31},
  year={2014},
  publisher={Wiley Online Library}
}

@article{elguedj2008b,
  title={B and F projection methods for nearly incompressible linear and non-linear elasticity and plasticity using higher-order NURBS elements},
  author={Elguedj, Thomas and Bazilevs, Yuri and Calo, Victor M and Hughes, Thomas JR},
  journal={Computer methods in applied mechanics and engineering},
  volume={197},
  number={33-40},
  pages={2732--2762},
  year={2008},
  publisher={Elsevier}
}

@article{cesar1999new,
  title={New enhanced strain elements for incompressible problems},
  author={C{\'e}sar de S{\'a}, JMA and Natal Jorge, RM},
  journal={International Journal for Numerical Methods in Engineering},
  volume={44},
  number={2},
  pages={229--248},
  year={1999},
  publisher={Wiley Online Library}
}
